<?xml version="1.0" encoding="UTF-8"?>
<record xmlns="http://www.loc.gov/MARC21/slim" xmlns:xsi="http://www.w3.org/2001/XMLSchema-instance" xsi:schemaLocation="http://www.loc.gov/MARC21/slim http://www.loc.gov/standards/marcxml/schema/MARC21slim.xsd">
<leader>     cam a2200313 a 4500</leader>
<controlfield tag="001">002052251</controlfield>
<controlfield tag="003">NNU</controlfield>
<controlfield tag="005">19940725150406.0</controlfield>
<controlfield tag="008">930121s1984    ir            000 0 araod</controlfield>
<datafield tag="035" ind1="9" ind2=" ">
<subfield code="a">NYUb11005254</subfield>
</datafield>
<datafield tag="035" ind1=" " ind2=" ">
<subfield code="a">(CStRLIN)NYUG93-B2447</subfield>
</datafield>
<datafield tag="035" ind1=" " ind2=" ">
<subfield code="a">GLIS010052547</subfield>
</datafield>
<datafield tag="040" ind1=" " ind2=" ">
<subfield code="a">MiU</subfield>
<subfield code="c">MiU</subfield>
</datafield>
<datafield tag="090" ind1=" " ind2=" ">
<subfield code="i">02/08/93 T</subfield>
<subfield code="h">01/21/93 CT</subfield>
</datafield>
<datafield tag="100" ind1="1" ind2=" ">
<subfield code="a">Nāṣīf, Manṣūr ʻAlī.</subfield>
</datafield>
<datafield tag="245" ind1="1" ind2="3">
<subfield code="a">al-Tāj al-jāmiʻ lil-uṣūl fī aḥādīth al-Rasūl /</subfield>
<subfield code="c">taʼlīf Manṣūr ʻAlī Nāṣif ; wa-ʻalayhi Ghāyat al-maʼmūl sharḥ al-Tāj al-jāmiʻ lil-uṣūl.</subfield>
</datafield>
<datafield tag="250" ind1=" " ind2=" ">
<subfield code="a">al-Ṭabʻah 4.</subfield>
</datafield>
<datafield tag="260" ind1=" " ind2=" ">
<subfield code="a">[Tehran?] :</subfield>
<subfield code="b">Nūr Muḥammad Ākhūnd Bāzyār,</subfield>
<subfield code="c">1984.</subfield>
</datafield>
<datafield tag="300" ind1=" " ind2=" ">
<subfield code="a">5 v.</subfield>
<subfield code="c">25 cm.</subfield>
</datafield>
<datafield tag="500" ind1=" " ind2=" ">
<subfield code="a">Reprint. Originally published: Cairo :Dār Iḥyāʼ al-Kutub al-ʻArabīyah, 1932.</subfield>
</datafield>
<datafield tag="650" ind1=" " ind2="0">
<subfield code="a">Hadith.</subfield>
</datafield>
<datafield tag="600" ind1="0" ind2="0">
<subfield code="a">Muḥammad,</subfield>
<subfield code="c">Prophet,</subfield>
<subfield code="d">d. 632.</subfield>
</datafield>
<datafield tag="700" ind1="1" ind2=" ">
<subfield code="a">Nāṣīf, Manṣūr ʻAlī</subfield>
<subfield code="t">Ghāyat al-maʼmūl.</subfield>
</datafield>
<datafield tag="OWN" ind1=" " ind2=" ">
<subfield code="a">GENERAL</subfield>
</datafield>
<datafield tag="950" ind1=" " ind2=" ">
<subfield code="l">BMAIN</subfield>
<subfield code="a">BP135.A3</subfield>
<subfield code="b">N24 1984</subfield>
<subfield code="n">455:sl\Unanalyzed\</subfield>
<subfield code="i">02/08/93 N</subfield>
<subfield code="h">01/21/93 C</subfield>
</datafield>
<datafield tag="955" ind1=" " ind2=" ">
<subfield code="l">BMAIN</subfield>
<subfield code="c">1:v.5</subfield>
<subfield code="r">016663463</subfield>
<subfield code="h">01/21/93 C</subfield>
</datafield>
<datafield tag="955" ind1=" " ind2=" ">
<subfield code="l">BMAIN</subfield>
<subfield code="c">1:v.4</subfield>
<subfield code="r">016663588</subfield>
<subfield code="h">01/21/93 C</subfield>
</datafield>
<datafield tag="955" ind1=" " ind2=" ">
<subfield code="l">BMAIN</subfield>
<subfield code="c">1:v.3</subfield>
<subfield code="r">016663703</subfield>
<subfield code="h">01/21/93 C</subfield>
</datafield>
<datafield tag="955" ind1=" " ind2=" ">
<subfield code="l">BMAIN</subfield>
<subfield code="c">1:v.2</subfield>
<subfield code="r">016663828</subfield>
<subfield code="h">01/21/93 C</subfield>
</datafield>
<datafield tag="955" ind1=" " ind2=" ">
<subfield code="l">BMAIN</subfield>
<subfield code="c">1:v.1</subfield>
<subfield code="r">016663513</subfield>
<subfield code="h">01/21/93 C</subfield>
</datafield>
<datafield tag="998" ind1=" " ind2=" ">
<subfield code="a">02/08/93</subfield>
<subfield code="t">c</subfield>
<subfield code="s">9114</subfield>
<subfield code="n">NNU</subfield>
<subfield code="w">MIUG86B116432</subfield>
<subfield code="d">01/21/93</subfield>
<subfield code="b">REP</subfield>
<subfield code="i">930208</subfield>
<subfield code="h">930121</subfield>
<subfield code="l">NYUG</subfield>
</datafield>
<datafield tag="AVA" ind1=" " ind2=" ">
<subfield code="a">NYU50</subfield>
<subfield code="b">BOBST</subfield>
<subfield code="c">Main Collection</subfield>
<subfield code="d">BP135.A3 N24 1984</subfield>
<subfield code="e">unavailable</subfield>
<subfield code="t">Unavailable</subfield>
<subfield code="f">5</subfield>
<subfield code="g">5</subfield>
<subfield code="h">Y</subfield>
<subfield code="i">0</subfield>
<subfield code="j">MAIN</subfield>
<subfield code="k">0</subfield>
</datafield>
</record>
